@article{YeeKing2018,
  title={Automatic Programming of VST Sound Synthesizers Using Deep Networks and Other Techniques},
  author={Yee-King, Matthew and Fedden, Leon and d'Inverno, Mark},
  journal={IEEE Transactions on Emerging Topics in Computational Intelligence},
  volume={2},
  number={2},
  pages={150--159},
  year={2018},
  publisher={IEEE},
  doi={10.1109/TETCI.2017.2783885}
}

@article{Barkan2019,
  title={InverSynth: Deep Estimation of Synthesizer Parameter Configurations from Audio Signals},
  author={Barkan, Oren and Tsiris, Damian and Katz, Ori and Koenigstein, Noam},
  journal={IEEE/ACM Transactions on Audio, Speech, and Language Processing},
  volume={27},
  number={12},
  pages={2385--2396},
  year={2019},
  publisher={IEEE},
  doi={10.1109/TASLP.2019.2944568}
}

@article{Esling2019,
  title={Flow Synthesizer: Universal Audio Synthesizer Control with Normalizing Flows},
  author={Esling, Philippe and Masuda, Naotake and Bardet, Adrien and Despres, Romeo and Chemla-Romeu-Santos, Axel},
  journal={Applied Sciences},
  volume={10},
  number={1},
  pages={302},
  year={2019},
  publisher={MDPI},
  doi={10.3390/app10010302}
}

@inproceedings{MasudaSaito2021,
  title={Synthesizer Sound Matching with Differentiable DSP},
  author={Masuda, Naotake and Saito, Daisuke},
  booktitle={Proceedings of the 22nd International Society for Music Information Retrieval Conference},
  pages={428--434},
  year={2021},
  organization={ISMIR}
}

@inproceedings{Martinez2021,
  title={Differentiable Signal Processing with Black-Box Audio Effects},
  author={Mart{\'i}nez Ram{\'i}rez, Marco A. and Wang, Oliver and Smaragdis, Paris and Bryan, Nicholas J.},
  booktitle={IEEE International Conference on Acoustics, Speech and Signal Processing (ICASSP)},
  pages={381--385},
  year={2021},
  organization={IEEE},
  doi={10.1109/ICASSP39728.2021.9415103}
}

@article{Steinmetz2022,
  title={Style Transfer of Audio Effects with Differentiable Signal Processing},
  author={Steinmetz, Christian J. and Bryan, Nicholas J. and Reiss, Joshua D.},
  journal={arXiv preprint arXiv:2207.08759},
  year={2022},
  eprint={2207.08759},
  archivePrefix={arXiv},
  primaryClass={cs.SD}
}

@inproceedings{Chen2022,
  title={Sound2Synth: Interpreting Sound via FM Synthesizer Parameters Estimation},
  author={Chen, Zui and Jing, Yansen and Yuan, Shengcheng and Xu, Yifei and Wu, Jian and Zhao, Hang},
  booktitle={Proceedings of the Thirty-First International Joint Conference on Artificial Intelligence},
  pages={4921--4928},
  year={2022},
  organization={IJCAI},
  doi={10.24963/ijcai.2022/682}
}

@article{MasudaSaito2023,
  title={Quality-diversity for Synthesizer Sound Matching},
  author={Masuda, Naotake and Saito, Daisuke},
  journal={Journal of Information Processing},
  volume={31},
  pages={220--228},
  year={2023},
  publisher={Information Processing Society of Japan},
  doi={10.2197/ipsjjip.31.220}
}

@article{Uzrad2024,
  title={DiffMoog: a Differentiable Modular Synthesizer for Sound Matching},
  author={Uzrad, Noy and Barkan, Oren and Elharar, Almog and Shvartzman, Shlomi and Laufer, Moshe and Wolf, Lior and Koenigstein, Noam},
  journal={arXiv preprint arXiv:2401.12570},
  year={2024},
  eprint={2401.12570},
  archivePrefix={arXiv},
  primaryClass={cs.SD}
}

@inproceedings{Bruford2024,
  title={Synthesizer Sound Matching Using Audio Spectrogram Transformers},
  author={Bruford, Fred and Bland, Frederik and Nercessian, Shahan},
  booktitle={Proceedings of the 27th International Conference on Digital Audio Effects (DAFx24)},
  pages={95},
  year={2024},
  address={Guildford, United Kingdom},
  organization={DAFx}
}

@inproceedings{
  engel2020ddsp,
  title={DDSP: Differentiable Digital Signal Processing},
  author={Jesse Engel and Lamtharn (Hanoi) Hantrakul and Chenjie Gu and Adam Roberts},
  booktitle={International Conference on Learning Representations},
  year={2020},
  url={https://openreview.net/forum?id=B1x1ma4tDr}
}

@misc{han2023perceptualneuralphysicalsoundmatching,
      title={Perceptual-Neural-Physical Sound Matching}, 
      author={Han Han and Vincent Lostanlen and Mathieu Lagrange},
      year={2023},
      eprint={2301.02886},
      archivePrefix={arXiv},
      primaryClass={cs.SD},
      url={https://arxiv.org/abs/2301.02886}, 
}

@ARTICLE{10508449,
  author={Han, Han and Lostanlen, Vincent and Lagrange, Mathieu},
  journal={IEEE/ACM Transactions on Audio, Speech, and Language Processing}, 
  title={Learning to Solve Inverse Problems for Perceptual Sound Matching}, 
  year={2024},
  volume={32},
  number={},
  pages={2605-2615},
  keywords={Synthesizers;Training;Mathematical models;Speech processing;Music;Instruments;Task analysis;Inverse problems;neural network;parameter estimation;synthesizer},
  doi={10.1109/TASLP.2024.3393738}
}
